@article{ZADEH1965fuzzy,
  author    = {Zadeh, Lotfi Asker},
  title     = {Fuzzy sets},
  journal   = {Information and Control},
  volume    = {8},
  number    = {3},
  pages     = {338-353},
  year      = {1965},
  language* = {english}
}
@article{zadeh1968probability,
  title={Probability measures of fuzzy events},
  author={Zadeh, Lotfi Asker},
  journal={Journal of mathematical analysis and applications},
  volume={23},
  number={2},
  pages={421--427},
  year={1968},
  publisher={Academic Press}
}
@article{li2008entropy,
  title={Entropy of credibility distributions for fuzzy variables},
  author={Li, Pingke and Liu, Baoding},
  journal={IEEE Transactions on Fuzzy Systems},
  volume={16},
  number={1},
  pages={123--129},
  year={2008},
  publisher={IEEE}
}
@book{模糊数学李安贵,
  author    = {李安贵 and 张志宏},
  title     = {模糊数学及其应用},
  edition   = {（第2版）},
  publisher = {冶金工业出版社},
  year      = {2005},
  location  = {北京},
  language* = {chinese}
}
